%% This BibTeX bibliography file was created using BibDesk.
%% http://bibdesk.sourceforge.net/


%% Created for Ade, Brian J. at 2011-09-20 09:06:41 -0400


%% Saved with string encoding Unicode (UTF-8)



@article{Azmy1988,
	Author = {Azmy, Y. Y.},
	Journal = {Nuclear Science and Engineering},
	Pages = {190},
	Title = {Comparison of Three Approximations to the Linear-Linear Nodal Transport Method in Weighted Diamond-Difference Form},
	Volume = {100},
	Year = {1988}}

@article{Azmy1992,
	Author = {Azmy, Yousry Y.},
	Journal = {Annals of Nuclear Energy},
	Pages = {593--606},
	Title = {Arbitrarily High Order Characteristic Methods for Solving the Neutron Transport Equation},
	Volume = {19},
	Year = {1992}}

@article{Ferrer2012,
	Author = {Ferrer, R. M. and Azmy, Y. Y.},
	Journal = {Nuclear Science and Engineering},
	Pages = {33},
	Title = {A Robust Arbitrarily High-Order Transport Method of the Characteristic Type for Unstructured Grids},
	Volume = {172},
	Year = {2012}}

@article{Azmy1988a,
	Author = {Azmy, Y. Y.},
	Journal = {Nuclear Science and Engineering},
	Pages = {29},
	Title = {The Weighted Diamond Difference Form of Nodal Transport Methods},
	Volume = {98},
	Year = {1988}}

@phdthesis{FerrerPhD,
  Author       = {Ferrer, R. M.},
  Title        = {An Arbitrarily High Order Transport Method of the Characteristic Type for Unstructured Tetrahedral Grids},
  School       = {The Pennsylvania State University},
  Year         = 2010,
  Address      = {Department of Mechanical and Nuclear Engineering}}

@inproceedings{Azmy2001,
	Author = {Azmy, Y. Y. and Barnett, A.},
	Title = {Arbitrarily high order transport method of the characteristic type in unstructured grids},
    organization={International Topical Meeting on Mathematical Methods for Nuclear Applications, American Nuclear Society},
    year={2001}}

@article{Sanchez1982,
	Author = {Sanchez, R. and McCormick, N. J.},
	Journal = {Nuclear Science and Engineering},
	Pages = {481–535},
	Title = {A review of neutron transport approximations},
	Volume = {80},
	Year = {1982}}

@inproceedings{Ferrer2009,
	Author = {Ferrer, R. M. and Azmy, Y. Y.},
	Title = {A robust arbitrarily high order transport method of the characteristic type for unstructured tetrahedral grids},
    organization={International Topical Meeting on Mathematics, Computational Methods and Reactor Physics, American Nuclear Society},
    year={2009}}

@inproceedings{Larsen1981,
	Author = {Larsen, E. W. and Alcouffe, R. E.},
	Title = {The linear characteristic method for spatially discretizing the discrete-ordinates equations in (x,y)-geometry},
    organization={International Topical Meeting on Advances in Mathematical Methods for the Solution of Nuclear Engineering Problems, American Nuclear Society},
	Pages = {99},
	Volume = {1},
	year={1981}}

@article{Adams1998,
	Author = {Adams, M. L. and Wareing, T. A. and Walters, W. F.},
	Journal = {Nuclear Science and Engineering},
	Pages = {18–46},
	Title = {Characteristic methods in thick diffusive problems},
	Volume = {130},
	Year = {1998}}

@article{Duo2009,
	Author = {J. I. Duo and Y. Y. Azmy},
	Journal = {Nuclear Science and Engineering},
	Title = {Spatial Convergence Study of Discrete Ordinates Methods via the Singular Characteristic Tracking Algorithm},
	Pages = {41},
	Volume = {162},
	Year = {2009}}

@article{Lathrop1969,
	Author = {Lathrop, K. D.},
	Journal = {Journal of Computational Physics},
	Title = {Spatial differencing of the transport equation: Positivity vs. accuracy},
	Pages = {475–498},
	Volume = {4},
	Year = {1969}}

@article{Schunert2015,
	Author = {Schunert, Sebastian and Azmy, Yousry Y. },
	Journal = {Nuclear Science and Engineering},
	Title = {Comparison of Spatial Discretization Methods for Solving the SN Equations using a Three-Dimensional Method of Manufactured Solutions Benchmark Suite with Escalating Order of Non-Smoothness},
	Pages = {1},
	Volume = {180},
	Year = {2015}}

@article{DeHart1994,
	Author = {DeHart,  M.  D. and  Pevey,  R.  E.  and  Parish,  T.  A.},
	Journal = {Nuclear Science and Engineering},
	Title = {An extended step characteristic method for solving the transport equation in general
geometries},
	Pages = {79–90},
	Volume = {118},
	Year = {1994}}

@inproceedings{Grove2005,
	Author = {Grove, R. E.},
	Title = {The slice balance approach (SBA): A characteristic-based, multiple balance SN approach on unstructured polyhedral meshes},
    organization={Joint International Topical Meeting on Mathematics and Computations, Supercomputing, Reactor Physics and Nuclear and Biological Applications, American Nuclear Society},
	year={2005}}

@article{Miller1996,
	Author = {Miller, D. J. and Mathews, K. A. and Brennan, C. R.},
	Journal = {Transport Theory and Statistical Physics},
	Title = {Split-cell discrete ordinates transport on an unstructured grid of triangular cells},
	Pages = {833},
	Volume = {25},
	Year = {1996}}

@article{Mathews2000,
	Author = {Mathews, K.  A. and  Miller,  R.  L.  and  Brennan,  C.  R.},
	Journal = {Nuclear Science and Engineering},
	Title = {Split-cell, linear characteristic transport method for unstructured tetrahedral meshes},
	Pages = {178–201},
	Volume = {136},
	Year = {2000}}

@article{Brennan2001,
	Author = {Brennan, C. R. and Miller, R. L. and Mathews, K. A.},
	Journal = {Nuclear Science and Engineering},
	Title = {Split-cell exponential characteristic transport method for unstructured tetrahedral meshes},
	Pages = {26–44},
	Volume = {138},
	Year = {2001}}

@book{Lewis1993,
	Author = {Lewis, E. E. and Miller, Jr., W. F. },
	Title = {Computational Methods of Neutron Transport},
    Publisher = {American Nuclear Society, La Grange Park, Illinois},
	Year = {1993}}

@article{Wang2009,
	Author = {Wang, Y. and Ragusa, J. C.},
	Journal = {Annals of Nuclear Energy},
	Title = {A high-order discontinuous Galerkin method for the $S_n$ transport equations on 2D unstructured triangular meshes},
	Pages = {931–939},
	Volume = {36},
	Year = {2009}}

@article{Adams2001,
	Author = {Adams, M. L.},
	Journal = {Nuclear Science and Engineering},
	Title = {Discontinuous finite element solutions in thick diffusive problems},
	Pages = {298-333},
	Volume = {137},
	Year = {2001}}


 @techreport{Godiva1961,
     title = {Neutron tissue dose rate survey for the Godiva II critical assembly},
     author = {M.J. Engelke and E.A. Bemis Jr. and J.A. Sayeg},
     year = {1961},
     institution = {Los Alamos National Laboratory},
}

@article{libMeshPaper,
  author = {B.~S.~Kirk and J.~W.~Peterson and R.~H.~Stogner and G.~F.~Carey},
  title = {{\texttt{libMesh}: A C++ Library for Parallel Adaptive Mesh Refinement/Coarsening Simulations}},
  journal = {Engineering with Computers},
  volume = 22,
  number = {3--4},
  pages = {237--254},
  year = 2006,
  note = {\url{https://doi.org/10.1007/s00366-006-0049-3}}
}

@article{GodivaBenchmark,
author = { Takumi   ASAOKA  and  Norio   ASANO  and  Hisashi   NAKAMURA  and  Hiroshi   MIZUTA  and  Hiroshi   CHICHIWA  and  Tadahiro   OHNISHI  and  Shun-ichi   MIYASAKA  and  Atsushi   ZUKERAN  and  Tsuneo   TSUTSUI  and  Toichiro   FUJIMURA  and  Satoru   KATSURAGI },
title = {Benchmark Tests of Radiation Transport Computer Codes for Reactor Core and Shield Calculations},
journal = {Journal of Nuclear Science and Technology},
volume = {15},
number = {1},
pages = {56-71},
year  = {1978},
publisher = {Taylor & Francis},
doi = {10.1080/18811248.1978.9733200},

URL = {
        https://www.tandfonline.com/doi/abs/10.1080/18811248.1978.9733200

},
eprint = {
        https://www.tandfonline.com/doi/pdf/10.1080/18811248.1978.9733200

}
}

@article{exodus_format,
title = {EXODUS II: A finite element data model},
author = {Schoof, L A and Yarberry, V R},
abstractNote = {EXODUS II is a model developed to store and retrieve data for finite element analyses. It is used for preprocessing (problem definition), postprocessing (results visualization), as well as code to code data transfer. An EXODUS II data file is a random access, machine independent, binary file that is written and read via C, C++, or Fortran library routines which comprise the Application Programming Interface (API).},
doi = {10.2172/10102115},
url = {https://www.osti.gov/biblio/10102115}, journal = {},
number = {},
volume = {},
place = {United States},
year = {1994},
month = {9}
}

@article{gmsh_ref,
author = {Geuzaine, Christophe and Remacle, Jean-François},
title = {Gmsh: A 3-D finite element mesh generator with built-in pre- and post-processing facilities},
journal = {International Journal for Numerical Methods in Engineering},
volume = {79},
number = {11},
pages = {1309-1331},
keywords = {computer-aided design, mesh generation, post-processing, finite element method, open-source software},
doi = {https://doi.org/10.1002/nme.2579},
url = {https://onlinelibrary.wiley.com/doi/abs/10.1002/nme.2579},
eprint = {https://onlinelibrary.wiley.com/doi/pdf/10.1002/nme.2579},
abstract = {Abstract Gmsh is an open-source 3-D finite element grid generator with a build-in CAD engine and post-processor. Its design goal is to provide a fast, light and user-friendly meshing tool with parametric input and advanced visualization capabilities. This paper presents the overall philosophy, the main design choices and some of the original algorithms implemented in Gmsh. Copyright © 2009 John Wiley \& Sons, Ltd.},
year = {2009}
}

@techreport{BeRP_report,
	Author = {Mattingly, John},
	Date-Added = {2009-09},
	Date-Modified = {2012-07},
	Institution = {Sandia National Laboratories},
	Number = {SAND2009-5804},
	Title = {Polyethylene-Reflected Plutonium Metal Sphere: Subcritical Neutron and Gamma Measurements},
	Year = {2009}}

@book{reference_manual,
	Author = {Herring, N. F. and others },
	Title = {THOR Theory Manual},
    Publisher = {North Carolina State University, Raleigh, North Carolina},
	Year = {2022}}


